@ARTICLE{2024MNRAS.535..909D,
       author = {{Dobie}, Dougal and {Zic}, Andrew and {Oswald}, Lucy S. and {Pritchard}, Joshua and {Lower}, Marcus E. and {Wang}, Ziteng and {Qiu}, Hao and {Hurley-Walker}, Natasha and {Wang}, Yuanming and {Lenc}, Emil and {Kaplan}, David L. and {Anumarlapudi}, Akash and {Auchettl}, Katie and {Bailes}, Matthew and {Cameron}, Andrew D. and {Cooke}, Jeffrey and {Deller}, Adam and {Driessen}, Laura N. and {Freeburn}, James and {Murphy}, Tara and {Shannon}, Ryan M. and {Stewart}, Adam J.},
        title = "{A two-minute burst of highly polarized radio emission originating from low Galactic latitude}",
      journal = {\mnras},
     keywords = {Astrophysics - Solar and Stellar Astrophysics, Astrophysics - Astrophysics of Galaxies, Astrophysics - High Energy Astrophysical Phenomena},
         year = 2024,
        month = nov,
       volume = {535},
       number = {1},
        pages = {909-923},
          doi = {10.1093/mnras/stae2376},
archivePrefix = {arXiv},
       eprint = {2406.12352},
 primaryClass = {astro-ph.SR},
       adsurl = {https://ui.adsabs.harvard.edu/abs/2024MNRAS.535..909D},
      adsnote = {Provided by the SAO/NASA Astrophysics Data System}
}

@ARTICLE{2022Natur.601..526H,
       author = {{Hurley-Walker}, N. and {Zhang}, X. and {Bahramian}, A. and {McSweeney}, S.~J. and {O'Doherty}, T.~N. and {Hancock}, P.~J. and {Morgan}, J.~S. and {Anderson}, G.~E. and {Heald}, G.~H. and {Galvin}, T.~J.},
        title = "{A radio transient with unusually slow periodic emission}",
      journal = {\nat},
         year = 2022,
        month = jan,
       volume = {601},
       number = {7894},
        pages = {526-530},
          doi = {10.1038/s41586-021-04272-x},
       adsurl = {https://ui.adsabs.harvard.edu/abs/2022Natur.601..526H},
      adsnote = {Provided by the SAO/NASA Astrophysics Data System}
}

@ARTICLE{2023Natur.619..487H,
       author = {{Hurley-Walker}, N. and {Rea}, N. and {McSweeney}, S.~J. and {Meyers}, B.~W. and {Lenc}, E. and {Heywood}, I. and {Hyman}, S.~D. and {Men}, Y.~P. and {Clarke}, T.~E. and {Coti Zelati}, F. and {Price}, D.~C. and {Horv{\'a}th}, C. and {Galvin}, T.~J. and {Anderson}, G.~E. and {Bahramian}, A. and {Barr}, E.~D. and {Bhat}, N.~D.~R. and {Caleb}, M. and {Dall'Ora}, M. and {de Martino}, D. and {Giacintucci}, S. and {Morgan}, J.~S. and {Rajwade}, K.~M. and {Stappers}, B. and {Williams}, A.},
        title = "{A long-period radio transient active for three decades}",
      journal = {\nat},
         year = 2023,
        month = jul,
       volume = {619},
       number = {7970},
        pages = {487-490},
          doi = {10.1038/s41586-023-06202-5},
       adsurl = {https://ui.adsabs.harvard.edu/abs/2023Natur.619..487H},
      adsnote = {Provided by the SAO/NASA Astrophysics Data System}
}

@ARTICLE{2024arXiv240811536D,
       author = {{de Ruiter}, I. and {Rajwade}, K.~M. and {Bassa}, C.~G. and {Rowlinson}, A. and {Wijers}, R.~A.~M.~J. and {Kilpatrick}, C.~D. and {Stefansson}, G. and {Callingham}, J.~R. and {Hessels}, J.~W.~T. and {Clarke}, T.~E. and {Peters}, W. and {Wijnands}, R.~A.~D. and {Shimwell}, T.~W. and {ter Veen}, S. and {Morello}, V. and {Zeimann}, G.~R. and {Mahadevan}, S.},
        title = "{A white dwarf binary showing sporadic radio pulses at the orbital period}",
      journal = {arXiv e-prints},
     keywords = {Astrophysics - High Energy Astrophysical Phenomena, Astrophysics - Solar and Stellar Astrophysics},
         year = 2024,
        month = aug,
          eid = {arXiv:2408.11536},
        pages = {arXiv:2408.11536},
          doi = {10.48550/arXiv.2408.11536},
archivePrefix = {arXiv},
       eprint = {2408.11536},
 primaryClass = {astro-ph.HE},
       adsurl = {https://ui.adsabs.harvard.edu/abs/2024arXiv240811536D},
      adsnote = {Provided by the SAO/NASA Astrophysics Data System}
}

@ARTICLE{2024arXiv240815757H,
       author = {{Hurley-Walker}, N. and {McSweeney}, S.~J. and {Bahramian}, A. and {Rea}, N. and {Horvath}, C. and {Buchner}, S. and {Williams}, A. and {Meyers}, B.~W. and {Strader}, Jay and {Aydi}, Elias and {Urquhart}, Ryan and {Chomiuk}, Laura and {Galvin}, T.~J. and {Coti Zelati}, F. and {Bailes}, Matthew},
        title = "{A 2.9-hour periodic radio transient with an optical counterpart}",
      journal = {arXiv e-prints},
     keywords = {Astrophysics - Solar and Stellar Astrophysics, Astrophysics - High Energy Astrophysical Phenomena},
         year = 2024,
        month = aug,
          eid = {arXiv:2408.15757},
        pages = {arXiv:2408.15757},
          doi = {10.48550/arXiv.2408.15757},
archivePrefix = {arXiv},
       eprint = {2408.15757},
 primaryClass = {astro-ph.SR},
       adsurl = {https://ui.adsabs.harvard.edu/abs/2024arXiv240815757H},
      adsnote = {Provided by the SAO/NASA Astrophysics Data System}
}

@ARTICLE{2024arXiv240707480D,
       author = {{Dong}, Fengqiu Adam and {Clarke}, Tracy and {Curtin}, Alice P. and {Kumar}, Ajay and {Stairs}, Ingrid and {Chatterjee}, Shami and {Cook}, Amanda M. and {Fonseca}, Emmanuel and {Gaensler}, B.~M. and {Hessels}, Jason W.~T. and {Kaspi}, Victoria M. and {Lazda}, Mattias and {Masui}, Kiyoshi W. and {McKee}, James W. and {Meyers}, Bradley W. and {Pearlman}, Aaron B. and {Ransom}, Scott M. and {Scholz}, Paul and {Shin}, Kaitlyn and {Smith}, Kendrick M. and {Tan}, Chia Min},
        title = "{The discovery of a nearby 421\raisebox{-0.5ex}\textasciitildes transient with CHIME/FRB/Pulsar}",
      journal = {arXiv e-prints},
     keywords = {Astrophysics - High Energy Astrophysical Phenomena},
         year = 2024,
        month = jul,
          eid = {arXiv:2407.07480},
        pages = {arXiv:2407.07480},
          doi = {10.48550/arXiv.2407.07480},
archivePrefix = {arXiv},
       eprint = {2407.07480},
 primaryClass = {astro-ph.HE},
       adsurl = {https://ui.adsabs.harvard.edu/abs/2024arXiv240707480D},
      adsnote = {Provided by the SAO/NASA Astrophysics Data System}
}

@ARTICLE{2024NatAs...8.1159C,
       author = {{Caleb}, M. and {Lenc}, E. and {Kaplan}, D.~L. and {Murphy}, T. and {Men}, Y.~P. and {Shannon}, R.~M. and {Ferrario}, L. and {Rajwade}, K.~M. and {Clarke}, T.~E. and {Giacintucci}, S. and {Hurley-Walker}, N. and {Hyman}, S.~D. and {Lower}, M.~E. and {McSweeney}, Sam and {Ravi}, V. and {Barr}, E.~D. and {Buchner}, S. and {Flynn}, C.~M.~L. and {Hessels}, J.~W.~T. and {Kramer}, M. and {Pritchard}, J. and {Stappers}, B.~W.},
        title = "{An emission-state-switching radio transient with a 54-minute period}",
      journal = {Nature Astronomy},
     keywords = {Astrophysics - High Energy Astrophysical Phenomena},
         year = 2024,
        month = sep,
       volume = {8},
        pages = {1159-1168},
          doi = {10.1038/s41550-024-02277-w},
archivePrefix = {arXiv},
       eprint = {2407.12266},
 primaryClass = {astro-ph.HE},
       adsurl = {https://ui.adsabs.harvard.edu/abs/2024NatAs...8.1159C},
      adsnote = {Provided by the SAO/NASA Astrophysics Data System}
}

@ARTICLE{2005Natur.434...50H,
       author = {{Hyman}, Scott D. and {Lazio}, T. Joseph W. and {Kassim}, Namir E. and {Ray}, Paul S. and {Markwardt}, Craig B. and {Yusef-Zadeh}, Farhad},
        title = "{A powerful bursting radio source towards the Galactic Centre}",
      journal = {\nat},
     keywords = {Astrophysics},
         year = 2005,
        month = mar,
       volume = {434},
       number = {7029},
        pages = {50-52},
          doi = {10.1038/nature03400},
archivePrefix = {arXiv},
       eprint = {astro-ph/0503052},
 primaryClass = {astro-ph},
       adsurl = {https://ui.adsabs.harvard.edu/abs/2005Natur.434...50H},
      adsnote = {Provided by the SAO/NASA Astrophysics Data System}
}

